<?xml version="1.0" encoding="UTF-8"?><collection xmlns="http://www.loc.gov/MARC21/slim"><record><leader>00374nam--2200133-i-4500</leader><controlfield tag="001">000026191</controlfield><controlfield tag="002">20161230</controlfield><controlfield tag="005">20161230201036</controlfield><controlfield tag="008">060222s1000------------r-----000-0-eng-d</controlfield><datafield ind1=" " ind2=" " tag="080"><subfield code="a">541.11(075.8)=59</subfield></datafield><datafield ind1=" " ind2=" " tag="100"><subfield code="a">Karapetiant, M.H</subfield></datafield><datafield ind1=" " ind2=" " tag="245"><subfield code="a">Exemple si probleme de termodinamica chimica. trad.din l.rusa</subfield></datafield><datafield ind1=" " ind2=" " tag="260"><subfield code="a">[Bucuresti], Ed.Tehnica, 1955, 363p.+ Erata</subfield></datafield><datafield ind1=" " ind2=" " tag="852"><subfield code="a">3988</subfield></datafield></record></collection>